@misc{Unity,
 key = {sow},
 author = {Wenatchee Clinic Team},
 title = {Statement of Work},
 year = 2020
}

@article{article,
author = {Duran, Guillermo and Guajardo, Mario and Saur√©, Denis and Souyris, Sebastian and Weintraub, Andres and Wolf, Rodrigo},
year = {2007},
month = {12},
pages = {539-552},
title = {Scheduling the Chilean Soccer League by Integer Programming},
volume = {37},
journal = {Interfaces},
doi = {10.1287/inte.1070.0318}
}